@Book{knuth:84,
  author = 	 {Donald E. Knuth},
  title = 	 {The {\TeX} Book},
  publisher = 	 {Addison-Wesley},
  year = 	 {1984},
  edition = 	 {15th}
}

@InCollection{boulic:91,
  author = 	 {R. Boulic and O. Renault},
  title = 	 {3D Hierarchies for Animation},
  booktitle = 	 {New Trends in Animation and Visualization},
  publisher =    {John Wiley {\&} Sons ltd.},
  year = 	 {1991},
  editor = 	 {Nadia Magnenat-Thalmann and Daniel Thalmann}
}

@InCollection{smith:99,
  author = 	 {A. Smith and B. Jones},
  title = 	 {On the Complexity of Computing},
  booktitle = 	 {Advances in Computer Science},
  pages = 	 {555--566},
  publisher =    {Publishing Press},
  year = 	 {1999},
  editor = 	 {A. B. Smith-Jones}
}

@inproceedings{bau2010state,
  title={State of the art: Automated black-box web application vulnerability testing},
  author={Bau, Jason and Bursztein, Elie and Gupta, Divij and Mitchell, John},
  booktitle={Security and Privacy (SP), 2010 IEEE Symposium on},
  pages={332--345},
  year={2010},
  organization={IEEE}
}

@inproceedings{vieira2009using:,
  title={Using web security scanners to detect vulnerabilities in web services},
  author={Vieira, Marco and Antunes, Nuno and Madeira, Henrique},
  booktitle={Dependable Systems \& Networks, 2009. DSN'09. IEEE/IFIP International Conference on},
  pages={566--571},
  year={2009},
  organization={IEEE}
}

@inproceedings{fong2008building,
  title={Building a test suite for web application scanners},
  author={Fong, Elizabeth and Gaucher, Romain and Okun, Vadim and Black, Paul E and Dalci, Eric},
  booktitle={Hawaii International Conference on System Sciences, Proceedings of the 41st Annual},
  pages={478--478},
  year={2008},
  organization={IEEE}
}

@inproceedings{vieira2009using,
  title={Using web security scanners to detect vulnerabilities in web services},
  author={Vieira, Marco and Antunes, Nuno and Madeira, Henrique},
  booktitle={Dependable Systems \& Networks, 2009. DSN'09. IEEE/IFIP International Conference on},
  pages={566--571},
  year={2009},
  organization={IEEE}
}

@article{coelhoidentificando,
  title={Identificando vulnerabilidades de seguran{\c{c}}a em uma aplica{\c{c}}\~{a}o web},
  author={Coelho, Marina S and Tomasi, Lucas A and Idalino, Tha{\i}s B and Martina, Jean E},
  year={2015}
}

@misc{owasp2017top,
  title={Top Ten 2017 Project},
  author={{OWASP}},
  year={2017},
  url = {https://www.owasp.org/index.php/Category:OWASP_Top_Ten_2017_Project},
  note = {\url{https://goo.gl/snkFmd}}
}

@inproceedings{fong2007web,
  title={Web application scanners: definitions and functions},
  author={Fong, Elizabeth and Okun, Vadim},
  booktitle={System Sciences, 2007. HICSS 2007. 40th Annual Hawaii International Conference on},
  pages={280b--280b},
  year={2007},
  organization={IEEE}
}

@inproceedings{doupe2010johnny,
  title={Why Johnny can’t pentest: An analysis of black-box web vulnerability scanners},
  author={Doup{\'e}, Adam and Cova, Marco and Vigna, Giovanni},
  booktitle={International Conference on Detection of Intrusions and Malware, and Vulnerability Assessment},
  pages={111--131},
  year={2010},
  organization={Springer}
}
@inproceedings{shi2010analysis,
  title={Analysis of web security comprehensive evaluation tools},
  author={Shi, Hui-zhong and Chen, Bo and Yu, Ling},
  booktitle={Networks Security Wireless Communications and Trusted Computing (NSWCTC), 2010 Second International Conference on},
  volume={1},
  pages={285--289},
  year={2010},
  organization={IEEE}
}

@article{de2013vulnerabilidades:,
  title={VULNERABILIDADES EM APLICA{\c{C}}{\~O}ES WEB},
  author={de Carvalho, Fernanda Ramos and Pereira, Germano Estevam Sim{\~a}o and Ribeiro, Lucyara Silveira and Alves, T{\'u}lio C{\'e}sar Lopes},
  journal={RE3C-Revista Eletr{\^o}nica Cient{\'\i}fica de Ci{\^e}ncia da Computa{\c{c}}{\~a}o},
  volume={8},
  number={1},
  year={2013}
}

@article{machado2016web,
  title={Um Web Crawler para Proje{\c{c}}{\~o}es e An{\'a}lise de Vulnerabilidades de Seguran{\c{c}}a e Consist{\^e}ncia Estrutural de P{\'a}ginas Web},
  author={Machado, Cristian Cleder and Pohlmann, Daniel Heler and da Silva, Eduardo Germano and Knob, Lu{\'\i}s Augusto Dias},
  journal={Revista de Empreendedorismo, Inova{\c{c}}{\~a}o e Tecnologia},
  volume={2},
  number={2},
  pages={3--12},
  year={2016}
}
@article{steinmetodologia,
  title={METODOLOGIA DE CONFIGURA{\c{C}}{\~A}O DE VULNERABILIDADES PARA O MODSECURITY},
  author={Stein, Jonas Eduardo},
  year={2013}
}

@article{wilmshurst1995forage,
  title={Forage quality and patch choice by wapiti (Cervus elaphus)},
  author={Wilmshurst, John F and Fryxell, John M and Hudsonb, Robert J},
  journal={Behavioral Ecology},
  volume={6},
  number={2},
  pages={209--217},
  year={1995},
  publisher={Oxford University Press}
}

@article{boyanalise,
  title={An{\'a}lise preliminar de seguran{\c{c}}a do sistema Expresso. Br},
  author={Boy, Matheus FT and Aranha, Diego F},
  year={2016}
}

@phdthesis{van2011comparison,
  title={Comparison of penetration testing tools for web applications},
  author={Van der Loo, Frank},
  year={2011},
  school={Master’s thesis, University of Radboud, Netherlands}
}

@phdthesis{malaka2017benchmarking,
  title={Benchmarking Vulnerability Scanners: An Experiment on SCADA Devices and Scientific Instruments},
  author={Malaka, EL},
  year={2017},
  school={UNIVERSITY OF ARIZONA}
}

@article{teodoroautomating,
  title={Automating Web Applications Security Assessments through Scanners},
  author={Teodoro, Nuno and Serr{\~a}o, Carlos},
  journal={Web Application Security},
  pages={48},
  year={2011}
}

@book{muniz2013web,
  title={Web Penetration Testing with Kali Linux},
  author={Muniz, Joseph},
  year={2013},
  publisher={Packt Publishing Ltd}
}

@article{de2006segurancca,
  title={Seguran{\c{c}}a em servi{\c{c}}os web},
  author={de Mello, Emerson Ribeiro and Wangham, Michelle S and da Silva Fraga, Joni and Camargo, Edson},
  journal={Livro de Minicursos do VI Simp{\'o}sio Brasileiro de Seguran{\c{c}}a da Informa{\c{c}}{\~a}o e de Sistemas Computacionais. Santos: SBC},
  pages={1--48},
  year={2006}
}

@article{de2013vulnerabilidades,
  title={VULNERABILIDADES EM APLICA{\c{C}}{\~O}ES WEB},
  author={de Carvalho, Fernanda Ramos and Pereira, Germano Estevam Sim{\~a}o and Ribeiro, Lucyara Silveira and Alves, T{\'u}lio C{\'e}sar Lopes},
  journal={RE3C-Revista Eletr{\^o}nica Cient{\'\i}fica de Ci{\^e}ncia da Computa{\c{c}}{\~a}o},
  volume={8},
  number={1},
  year={2013}
}

@article{de2016viegasVEIO,
  title={Por que o numero de ataques virtuais aumentou e como evitar},
  author={Viegas},
  year={2016}
}

@misc{viegas2016por,
    title = {POR QUE O número DE ATAQUES VIRTUAIS AUMENTOU E COMO evitá-los},
    author = {Julio Viegas},
    year = {2016},
    url = {http://blog.onedaytesting.com.br/por-que-o-numero-de-ataques-virtuais-aumentou-e-como-evita-los/},
    note = {\url{https://goo.gl/zkNahP}}
}

@article{regonikto,
  title={Nikto: Uma Ferramenta Open Source para An{\'a}lise de Vulnerabilidades em Servidores Web},
  author={Rego, Jalmacy and Gondim, Vanderley and Ferreira, Almedson},
  year={2015}
}

@article{barrios2017ataques,
  title={Ataques de nega{\c{c}}{\~a}o de servi{\c{c}}o na camada de aplica{\c{c}}{\~a}o: estudo de ataques lentos ao protocolo HTTP},
  author={Barrios Quintanilla, Alejandro and Silva Filho, Deijaval Pereira da},
  year={2017}
}

@misc{willis2010owasp,
  title={Broken Web Applications Project},
  author={{OWASP}},
  year={2016},
  url = {https://www.owasp.org/index.php/OWASP_Broken_Web_Applications_Project},
  note = {\url{https://goo.gl/NScjJ}}
}

@book{guimaraes2006segurancca,
  title={Seguran{\c{c}}a em Redes Privadas Virtuais-VPNs},
  author={Guimaraes, Alexandre Guedes and Lins, Rafael Dueire and Da Oliveira, Raimundo Correa},
  year={2006},
  publisher={Brasport}
}


@online{WinNT,
  author = {UNIPAMPA},
  title = {Diretoria de Tecnologia da Informação e Comunicação (DTIC)},
  year = 2017,
  url = {http://ntic.unipampa.edu.br/},
  urldate = {2017-09-09}
}

@misc{hacker2017ferramentas,
  author = {{Mundo Hacker}},
  title = {Ferramentas para scan de vulnerabilidades web},
  year = 2017,
  url = {http://mundodoshacker.blogspot.com.br/2013/04/ferramentas-para-scan-de.html},
  note = {\url{https://goo.gl/VNVcnP}},
  urldate = {2017-09-09}
}

@misc{terminal2017melhores,
  author = {{Terminal Root}},
  title = {100 Melhores Ferramentas Open Source de Segurança},
  year = 2017,
  url = {http://terminalroot.com.br/2017/02/100-melhores-ferramentas-de-seguranca-de-codigo-aberto.html},
  note = {\url{https://goo.gl/9ksoXR}},
  urldate = {2017-09-10}
}

@article{de2016segurancca,
  title={Seguran{\c{c}}a de aplica{\c{c}}{\~o}es web e os dez anos do relat{\'o}rio OWASP Top Ten: o que mudou?},
  author={de Carvalho, Alan Henrique Pardo},
  journal={FaSCi-Tech},
  volume={1},
  number={8},
  year={2016}
}

@book{perlman2016network,
  title={Network security: private communication in a public world},
  author={Perlman, Radia and Kaufman, Charlie and Speciner, Mike},
  year={2016},
  publisher={Pearson Education India}
}

@article{c,
  title={A Framework for Assessing Food Security in the Face of Globalization: The Case of Morocco},
  author={Aker, JC and Lemtouni, A},
  journal={Agroalimentaria},
  volume={8},
  pages={13--26},
  year={1999}
}

@article{gomes2011segurancca,
  title={Seguran{\c{c}}a em sistemas de e-learning: uma an{\'a}lise do ambiente Tidia-Ae/Sakai},
  author={Gomes, Eduardo H and Pimentel, Edson P and Kleinschmidt, Jo{\~a}o H},
  year={2011},
  publisher={Universidad Inca Garcilaso de la Vega}
}

@inproceedings{antunes2009comparing,
  title={Comparing the effectiveness of penetration testing and static code analysis on the detection of sql injection vulnerabilities in web services},
  author={Antunes, Nuno and Vieira, Marco},
  booktitle={Dependable Computing, 2009. PRDC'09. 15th IEEE Pacific Rim International Symposium on},
  pages={301--306},
  year={2009},
  organization={IEEE}
}

@book{clarke2009sql,
  title={SQL injection attacks and defense},
  author={Clarke-Salt, Justin},
  year={2009},
  publisher={Elsevier}
}

@inproceedings{wu2011test,
  title={Test SQL injection vulnerabilities in web applications based on structure matching},
  author={Wu, Haiyan and Gao, Guozhu and others},
  booktitle={Computer Science and Network Technology (ICCSNT), 2011 International Conference on},
  volume={2},
  pages={935--938},
  year={2011},
  organization={IEEE}
}

@misc{kalitools,
    title = {Kali Tools - Web Applications},
    author = {{Offensive Security}},
    year = {2017},
    url = {https://tools.kali.org/category/web-applications},
    note = {\url{https://goo.gl/QfvN4u}}
}

@misc{infosec14,
    title = {14 Best Open Source Web Application Vulnerability Scanners },
    author = {{INFOSEC}},
    year = {2017},
    url = {http://resources.infosecinstitute.com/14-popular-web-application-vulnerability-scanners/},
    note = {\url{https://goo.gl/DknrqB}},
    
}
@article{barrios2017ataques,
  title={Ataques de nega{\c{c}}{\~a}o de servi{\c{c}}o na camada de aplica{\c{c}}{\~a}o: estudo de ataques lentos ao protocolo HTTP},
  author={Barrios Quintanilla, Alejandro and Silva Filho, Deijaval Pereira da},
  year={2017}
}

@article{baldessarnoticiario,
  title={Notici{\'a}rio internacional: um mapa de contradi{\c{c}}{\~o}es e influ{\^e}ncias ideol{\'o}gicas e econ{\^o}micas},
  author={Baldessar, Maria Jos{\'e}},
  year = "2014",
  journal={Geografias da Comunica{\c{c}}{\~a}o: espa{\c{c}}o de observa{\c{c}}{\~a}o},
  pages={129}
}

@article{abelson2015keys,
  title={Keys under doormats: mandating insecurity by requiring government access to all data and communications},
  author={Abelson, Harold and Anderson, Ross and Bellovin, Steven M and Benaloh, Josh and Blaze, Matt and Diffie, Whitfield and Gilmore, John and Green, Matthew and Landau, Susan and Neumann, Peter G and others},
  journal={Journal of Cybersecurity},
  volume={1},
  number={1},
  pages={69--79},
  year={2015},
  publisher={Oxford University Press}
}



@techreport{pwc2014ucc,
  title={{US} cybercrime: Rising risks, reduced readiness},
  author={{PwC} and {CSO} magazine and {CERT/CMU}},
  institution = {PwC},
  pages={21},
  year={2014},
  url = {http://www.pwc.com/us/en/increasing-it-effectiveness/publications/assets/2014-us-state-of-cybercrime.pdf},
}



@book{kerr2010stuxnet,
  title={The stuxnet computer worm: Harbinger of an emerging warfare capability},
  author={Kerr, Paul K and Rollins, John and Theohary, Catherine A},
  year={2010},
  publisher={Congressional Research Service Washington, DC}
}


@article{langner2011stuxnet,
  title={Stuxnet: Dissecting a cyberwarfare weapon},
  author={Langner, Ralph},
  journal={IEEE Security \& Privacy},
  volume={9},
  number={3},
  pages={49--51},
  year={2011},
  publisher={IEEE}
}


@article{islam2016classification,
  title={A classification and characterization of security threats in cloud computing},
  author={Islam, Tariqul and Manivannan, D and Zeadally, Sherali},
  journal={Int. J. Next-Gener. Comput},
  volume={7},
  number={1},
  year={2016}
}



@article{shu2016security,
  title={Security in software-defined networking: Threats and countermeasures},
  author={Shu, Zhaogang and Wan, Jiafu and Li, Di and Lin, Jiaxiang and Vasilakos, Athanasios V and Imran, Muhammad},
  journal={Mobile Networks and Applications},
  volume={21},
  number={5},
  pages={764--776},
  year={2016},
  publisher={Springer}
}

@misc{mcafee2017mltr,
  title={{McAfee Labs} Threats Report},
  author={{McAfee}},
  pages={83},
  year={2017},
  url = {https://www.mcafee.com/us/resources/reports/rp-quarterly-threats-jun-2017.pdf},
  note = {\url{https://goo.gl/uH1sza}},
}

@misc{akamai2017sot,
    title = {Q2 2017 State of the Internet – Security Report},
    author = {{Akamai Technologies}},
    year = {2017},
    url = {https://content.akamai.com/us-en-pg9565-q2-17-state-of-the-internet-security-report.html},
    note = {\url{https://goo.gl/KKMqqi}},
}

@misc{symantec2017ist,
    title = {Internet Security Threat Report},
    author = {{Symantec}},
    year = {2017},
    url = {https://www.symantec.com/security-center/threat-report},
    note = {\url{https://www.symantec.com/security-center/threat-report}},
}

@misc{ibm2017tii,
    title = {{IBM X-Force} Threat Intelligence Index 2017},
    author = {{IBM Security}},
    year = {2017},
    url = {https://securityintelligence.com/media/ibm-x-force-threat-intelligence-index-2017/},
    note = {\url{https://goo.gl/7fFxZZ}},
}

@misc{cisco2017acr,
    title = {Cisco 2017 Annual Cybersecurity Report},
    author = {{Cisco}},
    year = {2017},
    url = {https://www.cisco.com/c/dam/m/digital/1198689/Cisco_2017_ACR_PDF.pdf},
    note = {\url{https://goo.gl/JW8DTW}},
}

@misc{welive2016tbs,
    title = {The 10 biggest security incidents of 2016},
    author = {{WeLiveSecurity}},
    year = {2016},
    url = {https://www.welivesecurity.com/2016/12/30/biggest-security-incidents-2016/},
    note = {\url{https://www.welivesecurity.com/2016/12/30/biggest-security-incidents-2016/}},
}

@misc{newman2017tbc,
    title = {THE BIGGEST CYBERSECURITY DISASTERS OF 2017 SO FAR},
    author = {LILY HAY NEWMAN},
    year = {2017},
    url = {https://www.wired.com/story/2017-biggest-hacks-so-far/},
    note = {\url{https://www.wired.com/story/2017-biggest-hacks-so-far/}},
}

@misc{saifi2017mam,
    title = {The 2017 Mobile App Market: Statistics, Trends, and Analysis},
    author = {Rahis Saifi},
    year = {2017},
    url = {https://www.business2community.com/mobile-apps/2017-mobile-app-market-statistics-trends-analysis-01750346},
    note = {\url{https://goo.gl/eM39VY}},
}

@misc{ilivestats2017tnw,
    title = {Total number of Websites},
    author = {{InternetLiveStats.com}},
    year = {2017},
    url = {http://www.internetlivestats.com/total-number-of-websites/},
    note = {\url{http://www.internetlivestats.com/total-number-of-websites/}},
}

@misc{shaaban2017wbd,
    title = {Web-Based vs ``Desktop'' Software},
    author = {Sam Shaaban},
    year = {2017},
    url = {https://nurelm.com/web-based-vs-desktop-software/},
    note = {\url{https://nurelm.com/web-based-vs-desktop-software/}},
}

@INPROCEEDINGS{osman2014mfb, 
author={H. Osman and M. Lungu and O. Nierstrasz}, 
booktitle={2014 Software Evolution Week - IEEE Conference on Software Maintenance, Reengineering, and Reverse Engineering (CSMR-WCRE)}, 
title={Mining frequent bug-fix code changes}, 
year={2014}, 
volume={}, 
number={}, 
pages={343-347}, 
keywords={data mining;program debugging;public domain software;software quality;bug-fix pattern;bugs detection;mining frequent bug-fix code changes;null checks;open source projects;software quality;Cloning;Computer bugs;Data mining;History;Java;Software;Software engineering}, 
doi={10.1109/CSMR-WCRE.2014.6747191}, 
ISSN={}, 
month={Feb},}

@misc{radware2017mdd,
    title = {2017's 5 Most Dangerous DDoS Attacks \& Steps to Mitigate Them},
    author = {{Radware Ltd.}},
    year = {2017},
    url = {https://security.radware.com/ddos-threats-attacks/ddos-attack-types/2017-most-dangerous-ddos-attacks-steps-to-mitigate/},
    note = {\url{https://goo.gl/oLXCFa}},
}


@inproceedings{bukac2015analyzing,
  title={Analyzing traffic features of common standalone DoS attack tools},
  author={Bukac, Vit and Matyas, Vashek},
  booktitle={International Conference on Security, Privacy, and Applied Cryptography Engineering},
  pages={21--40},
  year={2015},
  organization={Springer}
}

@ARTICLE{hayward2016asurvey,
author={S. Scott-Hayward and S. Natarajan and S. Sezer},
journal={IEEE Communications Surveys Tutorials},
title={A Survey of Security in Software Defined Networks},
year={2016},
volume={18},
number={1},
pages={623-654},
keywords={computer network security;software defined networking;SDN-compliant hardware;SDN-compliant services;SDN-compliant software;cost reduction;network security architecture;software-defined networking;Computer architecture;Industries;Monitoring;Protocols;Security;Software;Tutorials;Network Security;OpenFlow;SDN;Secure SDN Architecture;Software Defined Networking;Software-defined networking;network security;secure SDN architecture},
doi={10.1109/COMST.2015.2453114},
ISSN={1553-877X},
month={Firstquarter},}



@ARTICLE{alvizu2017cst,
author={R. Alvizu and G. Maier and N. Kukreja and A. Pattavina and R. Morro and A. Capello and C. Cavazzoni},
journal={IEEE Communications Surveys Tutorials},
title={Comprehensive survey on {T-SDN}: Software-defined Networking for Transport Networks},
year={2017},
volume={PP},
number={99},
pages={1-1},
keywords={Hardware;Operating systems;Optical fiber networks;Optical sensors;Technological innovation;Tutorials;GMPLS.;OpenFlow;Software defined networking;network controller;network function virtualization;network programmability;network virtualization;optical transport network;orchestration;software defined optical networking;transport API;transport SDN},
doi={10.1109/COMST.2017.2715220},
ISSN={1553-877X},
month={},}




@ARTICLE{dacier2017sco,
author={M. C. Dacier and H. Konig and R. Cwalinski and F. Kargl and S. Dietrich},
journal={IEEE Security Privacy},
title={Security Challenges and Opportunities of Software-Defined Networking},
year={2017},
volume={15},
number={2},
pages={96-100},
keywords={computer network security;software defined networking;Dagstuhl seminar;SDN security challenges;SDN-enabled networks;software-defined networking;Complexity theory;Computer architecture;Industries;Routing;Security;Seminars;Switches;Dagstuhl seminar;SDN;centralization;cybersecurity;networking;security;software-defined networking},
doi={10.1109/MSP.2017.46},
ISSN={1540-7993},
month={March},}

@misc{homeland2017cyber,
    title = {National Cyber Security Awareness Month},
    author = {{Homeland Security}},
    year = {2017},
    url = {https://www.dhs.gov/national-cyber-security-awareness-month},
    note = {\url{https://www.dhs.gov/national-cyber-security-awareness-month}},
}

@misc{commission2017cyber,
    title = {Cybersecurity},
    author = {{European Commission}},
    year = {2017},
    url = {https://ec.europa.eu/digital-single-market/en/policies/cybersecurity},
    note = {\url{https://ec.europa.eu/digital-single-market/en/policies/cybersecurity}},
}

