@book{tori2018educaccao,
  title={Educa{\c{c}}{\~a}o sem dist{\^a}ncia: as tecnologias interativas na redu{\c{c}}{\~a}o de dist{\^a}ncias em ensino e aprendizagem},
  author={Tori, Romero},
  volume={9},
  year={2018},
  publisher={Artesanato Educacional LTDA}
}

@book{bacich2015ensino,
  title={Ensino h{\'\i}brido: personaliza{\c{c}}{\~a}o e tecnologia na educa{\c{c}}{\~a}o},
  author={Bacich, Lilian and Neto, Adolfo Tanzi and de Mello Trevisani, Fernando},
  year={2015},
  publisher={Penso Editora}
}

@article{bacich2015aprender,
  title = {Aprender e ensinar com foco na educa\c{c}\~{a}o h\'{i}brida},
  author = {Lilian Bacich and Jose Moran},
  year = {2015},
  journal = {Revista P\'{a}tio},
  volume = {},
  number = {25},
  url = {http://www2.eca.usp.br/moran/wp-content/uploads/2015/07/hibrida.pdf},
}

@article{silva2018aplicacao,
  title = {Aplica\c{c}\~{a}o de sala de aula invertida para o aprendizado de l\'{i}ngua portuguesa no ensino m\'{e}dio de escola p\'{u}blica},
  author = {Maria Izabel Oliveira da Silva and Lucila Pesce and Antonio Valerio Netto},
  year = {2018},
  journal = {Tecnologias, sociedade e conhecimento},
  volume = {5},
  number = {1},
  url = {https://www.nied.unicamp.br/revista/index.php/tsc/article/view/190},
}

@article{pappano2012year,
  title={The Year of the MOOC},
  author={Pappano, Laura},
  journal={The New York Times},
  volume={2},
  number={12},
  pages={2012},
  year={2012}
}

@article{labaree1997public,
  title={Public goods, private goods: The American struggle over educational goals},
  author={Labaree, David F},
  journal={American educational research journal},
  volume={34},
  number={1},
  pages={39--81},
  year={1997},
  publisher={Sage Publications}
}

@misc{irala2018reflexoes,
  title = {Reflexões sobre as práticas avaliativas na Universidade: ponte ou nó?},
  author = {Valesca Brasil Irala},
  year = {2018},
  url = {https://goo.gl/MpXRME},
  note = {\url{https://goo.gl/MpXRME}},
}

@misc{mazur2014peer,
  title = {Peer Instruction for Active Learning},
  author = {Eric Mazur},
  year = {2014},
  url = {https://www.youtube.com/watch?v=Z9orbxoRofI},
  note = {\url{https://www.youtube.com/watch?v=Z9orbxoRofI}},
}

@book{warner2018they,
  title={Why They Can't Write: Killing the Five-Paragraph Essay and Other Necessities},
  author={Warner, John},
  year={2018},
  publisher={JHU Press}
}

@article{taylor1975students,
  title={Students without teachers: the crisis in the university},
  author={Taylor, Harold},
  journal = {Southern Illinois University Press},
  year={1975},
}

@misc{faust2009the,
  title = {The University’s Crisis of Purpose},
  author = {DREW GILPIN FAUST},
  year = {2009},
  url = {https://www.nytimes.com/2009/09/06/books/review/Faust-t.html},
  note = {\url{https://www.nytimes.com/2009/09/06/books/review/Faust-t.html}},
}

@misc{montoya2016unravelling,
  title = {UNRAVELLING ACADEMIC PRECARITY},
  author = {Ainhoa Montoya and Marta Perez},
  year = {2016},
  url = {http://allegralaboratory.net/unravelling-academic-precarity-universitycrisis/},
  note = {\url{https://bit.ly/2COKst7}},
}

@book{arum2011academically,
  title={Academically adrift: Limited learning on college campuses},
  author={Arum, Richard and Roksa, Josipa},
  year={2011},
  publisher={University of Chicago Press}
}

@misc{boyd2018students,
  title = {Students Want to Write Well; We Don’t Let Them},
  author = {Ryan Boyd},
  year = {2018},
  url = {https://lareviewofbooks.org/article/students-want-to-write-well-we-dont-let-them},
  note = {\url{https://lareviewofbooks.org/article/students-want-to-write-well-we-dont-let-them}}
}

@book{carey2016end,
  title={The end of college: Creating the future of learning and the university of everywhere},
  author={Carey, Kevin},
  year={2016},
  publisher={Riverhead Books}
}

@misc{hersh2018the,
  title = {The Higher Education Learning Crisis},
  author = {Richard H. Hersh and Richard Keeling},
  year = {2018},
  url = {https://yaleglobal.yale.edu/content/higher-education-learning-crisis},
  note = {\url{https://yaleglobal.yale.edu/content/higher-education-learning-crisis}},
}

@article{garcia2015innovative,
  title={Innovative teaching methods in Engineering},
  author={Garc{\'\i}a-Pe{\~n}alvo, Francisco J and Colomo-Palacios, Ricardo},
  year={2015},
  journal={International Journal of Engineering Education (IJEE), 31 (3), 689-693.}
}

@article{parham2003assessment,
  title={An assessment and evaluation of computer science education},
  author={Parham, Jennifer R},
  journal={Journal of Computing Sciences in Colleges},
  volume={19},
  number={2},
  pages={115--127},
  year={2003},
  publisher={Consortium for Computing Sciences in Colleges}
}

@misc{pickles2016university,
  title = {University opens without any teachers},
  author = {Matt Pickles},
  year = {2016},
  url = {https://www.bbc.com/news/business-37694248},
  note = {\url{https://www.bbc.com/news/business-37694248}},
}

@misc{janah2019ecole,
  title = {{Ecole 42 USA ('42 Silicon Valley')}},
  author = {Leila Janah},
  year = {2019},
  url = {https://www.42.us.org},
  note = {\url{https://www.42.us.org}},
}

@inproceedings{araujo2018aprendizagem,
  title={Aprendizagem Adaptativa em Aulas Invertidas de Sistemas Distribu{\'\i}dos: um estudo de caso apoiado no G Suite},
  author={Araujo, Pedro and Viana, Windson and Veras, Necio and de Castro Filho, Jos{\'e} Aires},
  booktitle={Brazilian Symposium on Computers in Education (Simp{\'o}sio Brasileiro de Inform{\'a}tica na Educa{\c{c}}{\~a}o-SBIE)},
  volume={29},
  xnumber={1},
  pages={328},
  year={2018}
}

@article{pavanelo2017sala,
  title={Sala de Aula Invertida: a an{\'a}lise de uma experi{\^e}ncia na disciplina de C{\'a}lculo I},
  author={Pavanelo, Elisangela and Lima, Renan},
  journal={Boletim de Educa{\c{c}}{\~a}o Matem{\'a}tica},
  volume={31},
  number={58},
  year={2017},
  publisher={Universidade Estadual Paulista J{\'u}lio de Mesquita Filho}
}

@misc{brame2019jitt,
  title = {{Just-in-Time Teaching (JiTT)}},
  author = {Cynthia Brame},
  year = {2019},
  url = {https://wp0.vanderbilt.edu/cft/guides-sub-pages/just-in-time-teaching-jitt/},
  note = {\url{https://wp0.vanderbilt.edu/cft/guides-sub-pages/just-in-time-teaching-jitt/}},
}

@article{novak1999jtt,
author = {Novak,Gregor M.  and Patterson,Evelyn T.  and Gavrin,Andrew D.  and Christian,Wolfgang },
title = {Just in Time Teaching},
journal = {American Journal of Physics},
volume = {67},
number = {10},
pages = {937-938},
year = {1999},
doi = {10.1119/1.19159},

URL = { 
        https://doi.org/10.1119/1.19159
    
},
eprint = { 
        https://doi.org/10.1119/1.19159
    
}

}

@inproceedings{deshpande2019evaluation,
 author = {Deshpande, Pranita and Lee, Cynthia B. and Ahmed, Irfan},
 title = {Evaluation of Peer Instruction for Cybersecurity Education},
 booktitle = {Proceedings of the 50th ACM Technical Symposium on Computer Science Education},
 series = {SIGCSE '19},
 year = {2019},
 isbn = {978-1-4503-5890-3},
 location = {Minneapolis, MN, USA},
 pages = {720--725},
 numpages = {6},
 url = {http://doi.acm.org/10.1145/3287324.3287403},
 doi = {10.1145/3287324.3287403},
 acmid = {3287403},
 publisher = {ACM},
 address = {New York, NY, USA},
 keywords = {cybersecurity education, dropout rate, failure rate, peer instruction, student learning},
}

@inproceedings{chamillard2000evaluating,
  title={Evaluating programming ability in an introductory computer science course},
  author={Chamillard, AT and Braun, Kim A},
  booktitle={ACM SIGCSE Bulletin},
  volume={32},
  number={1},
  pages={212--216},
  year={2000},
  organization={ACM}
}

@book{machado2010educaccao,
  title={Educa{\c{c}}{\~a}o e ciberespa{\c{c}}o: estudos, propostas e desafios},
  author={Machado, Glaucio Jos{\'e} Couri},
  year={2010},
  publisher={VirtusEditora},
  address = {Aracaju},
  edition = {1},
  isbn = {978-85-64268-00-5},
}
